[gd_scene load_steps=2 format=3 uid="uid://coedkbbdoje3s"]

[ext_resource type="Script" path="res://scenes/init_screen.gd" id="1_jy3up"]

[node name="InitScreen" type="CanvasLayer"]
script = ExtResource("1_jy3up")

[node name="ColorRect" type="ColorRect" parent="."]
offset_left = 80.0
offset_top = 197.0
offset_right = 560.0
offset_bottom = 283.0
color = Color(0.501961, 0, 0.505882, 0.870588)

[node name="MarginContainer" type="MarginContainer" parent="."]
anchors_preset = 8
anchor_left = 0.5
anchor_top = 0.5
anchor_right = 0.5
anchor_bottom = 0.5
offset_left = -320.0
offset_top = -43.0
offset_right = 320.0
offset_bottom = 43.0
grow_horizontal = 2
grow_vertical = 2
theme_override_constants/margin_left = 10
theme_override_constants/margin_top = 10
theme_override_constants/margin_right = 10
theme_override_constants/margin_bottom = 10

[node name="VBoxContainer" type="VBoxContainer" parent="MarginContainer"]
custom_minimum_size = Vector2(620, 0)
layout_mode = 2

[node name="HFlowContainer" type="HFlowContainer" parent="MarginContainer/VBoxContainer"]
layout_mode = 2
alignment = 1

[node name="Label" type="Label" parent="MarginContainer/VBoxContainer/HFlowContainer"]
layout_mode = 2
text = "Name: "

[node name="NameEdit" type="LineEdit" parent="MarginContainer/VBoxContainer/HFlowContainer"]
unique_name_in_owner = true
custom_minimum_size = Vector2(300, 0)
layout_mode = 2
placeholder_text = "Name"

[node name="HFlowContainer2" type="HFlowContainer" parent="MarginContainer/VBoxContainer"]
layout_mode = 2
alignment = 1

[node name="HostButton" type="Button" parent="MarginContainer/VBoxContainer/HFlowContainer2"]
custom_minimum_size = Vector2(68, 0)
layout_mode = 2
text = "Host"

[node name="VSeparator" type="VSeparator" parent="MarginContainer/VBoxContainer/HFlowContainer2"]
custom_minimum_size = Vector2(56, 0)
layout_mode = 2

[node name="IPLabel" type="Label" parent="MarginContainer/VBoxContainer/HFlowContainer2"]
layout_mode = 2
text = "IP: "

[node name="IPEdit" type="LineEdit" parent="MarginContainer/VBoxContainer/HFlowContainer2"]
unique_name_in_owner = true
custom_minimum_size = Vector2(128, 0)
layout_mode = 2

[node name="JoinButton" type="Button" parent="MarginContainer/VBoxContainer/HFlowContainer2"]
custom_minimum_size = Vector2(64, 0)
layout_mode = 2
text = "Join"

[connection signal="pressed" from="MarginContainer/VBoxContainer/HFlowContainer2/HostButton" to="." method="_on_host_button_pressed"]
[connection signal="pressed" from="MarginContainer/VBoxContainer/HFlowContainer2/JoinButton" to="." method="_on_join_button_pressed"]
